<?xml version="1.0" encoding="utf-8"?>
<record xmlns="http://www.loc.gov/MARC21/slim" xmlns:xsi="http://www.w3.org/2001/XMLSchema-instance" xsi:schemaLocation="http://www.loc.gov/MARC21/slim http://www.loc.gov/standards/marcxml/schema/MARC21slim.xsd">
	<leader>     nam a22     Mi 4500</leader>
	<controlfield tag="001">2842438</controlfield>
	<controlfield tag="003">NjP</controlfield>
	<controlfield tag="006">m        d        </controlfield>
	<controlfield tag="007">cr cn |||m|||a</controlfield>
	<controlfield tag="008">190815s1934    mr      o     000 0 ara d</controlfield>
	<datafield ind1="7" ind2=" " tag="024">
		<subfield code="a">princeton_aco002588</subfield>
		<subfield code="2">local</subfield>
	</datafield>
	<datafield ind1=" " ind2=" " tag="040">
		<subfield code="a">ZYU</subfield>
		<subfield code="b">ara</subfield>
		<subfield code="c">ZYU</subfield>
	</datafield>
	<datafield ind1="1" ind2=" " tag="100">
		<subfield code="6">880-01</subfield>
		<subfield code="a">ʻAlamī, Maḥammad bin Muḥammad,</subfield>
		<subfield code="d">1875 or 1876-1953 or 1954.</subfield>
		<subfield code="0">http://id.loc.gov/authorities/names/no00007982</subfield>
	</datafield>
	<datafield ind1="1" ind2="0" tag="245">
		<subfield code="6">880-02</subfield>
		<subfield code="a">Taqrīb al-baʻīd min al-Jāmiʻ al-mufīd ʻalá uṣūl al-rāṣid al-jadīd fī ḥisāb al-khusūf wa-al-kusūf wa-ruʼyat al-ahillah</subfield>
		<subfield code="h">[electronic resource] /</subfield>
		<subfield code="c">taʼlīf Abī ʻAbd Allāh Maḥammad bin Muḥammad al-ʻAlamī. Wa-bi-hāmishihi al-Jāmiʻ al-madhkūr.</subfield>
	</datafield>
	<datafield ind1=" " ind2=" " tag="260">
		<subfield code="6">880-03</subfield>
		<subfield code="a">[Morocco] :</subfield>
		<subfield code="b">M.b.M. al-ʻAlamī,</subfield>
		<subfield code="c">1353 [1934]</subfield>
	</datafield>
	<datafield ind1=" " ind2=" " tag="300">
		<subfield code="a">online resource (160, 8 p.)</subfield>
	</datafield>
	<datafield ind1=" " ind2=" " tag="500">
		<subfield code="a">Part of the Arabic Collections Online (ACO) project, contributed by Princeton University Libraries.</subfield>
	</datafield>
	<datafield ind1=" " ind2=" " tag="533">
		<subfield code="a">Electronic reproduction.</subfield>
		<subfield code="b">New York, N.Y. :</subfield>
		<subfield code="c">New York University,</subfield>
		<subfield code="d">2019.</subfield>
		<subfield code="5">NNU</subfield>
	</datafield>
	<datafield ind1=" " ind2="0" tag="650">
		<subfield code="a">Astronomy, Arab.</subfield>
		<subfield code="0">http://id.loc.gov/authorities/subjects/sh85009014</subfield>
	</datafield>
	<datafield ind1=" " ind2="7" tag="655">
		<subfield code="a">Lithographs</subfield>
		<subfield code="z">Morocco</subfield>
		<subfield code="y">1934</subfield>
		<subfield code="2">gmgpc</subfield>
	</datafield>
	<datafield ind1="2" ind2=" " tag="710">
		<subfield code="a">Princeton University.</subfield>
		<subfield code="b">Library.</subfield>
	</datafield>
	<datafield ind1="0" ind2=" " tag="730">
		<subfield code="6">880-04</subfield>
		<subfield code="a">Jāmiʻ al-mufīd ʻalá uṣūl al-rāṣid al-jadīd fī ḥisāb al-khusūf wa-al-kusūf wa-ruʼyat al-ahillah.</subfield>
	</datafield>
	<datafield ind1="0" ind2=" " tag="730">
		<subfield code="a">Arabic Collections Online.</subfield>
	</datafield>
	<datafield ind1="0" ind2="8" tag="776">
		<subfield code="i">Print version:</subfield>
		<subfield code="a">ʻAlamī, Maḥammad bin Muḥammad, 1875 or 1876-1953 or 1954. http://id.loc.gov/authorities/names/no00007982</subfield>
		<subfield code="t">Taqrīb al-baʻīd min al-Jāmiʻ al-mufīd ʻalá uṣūl al-rāṣid al-jadīd fī ḥisāb al-khusūf wa-al-kusūf wa-ruʼyat al-ahillah</subfield>
		<subfield code="w">(NjP)2842438</subfield>
	</datafield>
	<datafield ind1="4" ind2="0" tag="856">
		<subfield code="u">http://hdl.handle.net/2333.1/ngf1vs5c</subfield>
	</datafield>
	<datafield ind1="1" ind2=" " tag="880">
		<subfield code="6">100-01</subfield>
		<subfield code="a">علمي، محمد بن محمد،</subfield>
		<subfield code="d">1875 or 1876-1953 or 1954. </subfield>
	</datafield>
	<datafield ind1="1" ind2="0" tag="880">
		<subfield code="6">245-02</subfield>
		<subfield code="a">تقريب البعيد من الجامع المفيد على اصول الراصد الجديد في حساب الخسوف والكسوف ورؤية الاهلة /</subfield>
		<subfield code="c">تأليف ابي عبد الله محمد بن محمد العلمي. وبهامشه الجامع المذكور.</subfield>
	</datafield>
	<datafield ind1=" " ind2=" " tag="880">
		<subfield code="6">260-03</subfield>
		<subfield code="a">[Morocco] :</subfield>
		<subfield code="b">م.ب.م. العلمي،</subfield>
		<subfield code="c">1353 [1934]</subfield>
	</datafield>
	<datafield ind1="0" ind2=" " tag="880">
		<subfield code="6">730-04</subfield>
		<subfield code="a">جامع المفيد على اصول الراصد الجديد في حساب الخسوف والكسوف ورؤية الاهلة.</subfield>
	</datafield>
	<datafield ind1=" " ind2=" " tag="948">
		<subfield code="a">jeb</subfield>
	</datafield>
	<datafield ind1=" " ind2=" " tag="911">
		<subfield code="a">20000306</subfield>
	</datafield>
	<datafield ind1=" " ind2=" " tag="912">
		<subfield code="a">20000306043735.0</subfield>
	</datafield>
	<datafield ind1=" " ind2=" " tag="959">
		<subfield code="a">2000-06-13 00:00:00 -0500</subfield>
	</datafield>
	<datafield ind1=" " ind2=" " tag="959">
		<subfield code="a">NNU</subfield>
		<subfield code="b">WEB</subfield>
		<subfield code="c">GENI</subfield>
		<subfield code="t">0</subfield>
		<subfield code="m">Electronic access</subfield>
		<subfield code="s">01</subfield>
	</datafield>
	<datafield ind1=" " ind2=" " tag="999">
		<subfield code="i">NjP_2842438</subfield>
		<subfield code="s">princeton_aco002588</subfield>
		<subfield code="e">(ERROR-880)(ERROR-MISC)</subfield>
		<subfield code="s">princeton_aco002588</subfield>
	</datafield>
</record>
